  @misc{enwiki:1043831936,
  author = {{Wikipedia contributors}},
  title  = {Open source --- {Wikipedia}{,} The Free Encyclopedia},
  year   = {2021},
  url    = {https://en.wikipedia.org/w/index.php?title=Open_source&oldid=1043831936},
  note   = {[Online; accessed 27-September-2021]}
}

@misc{opensourceinit,
  author       = {{Digital Ocean}},
  title        = {Open Source Initiative},
  year         = {2021},
  howpublished = {https://opensource.org}
}

@misc{runoob,
  author       = {Runoob},
  title        = {各种开源协议介绍},
  howpublished = {https://www.runoob.com/w3cnote/open-source-license.html},
  year         = {2021}
}

@misc{zhihuOpenSource,
  author       = {机智玛莉},
  title        = {关于开源协议，你知多少},
  howpublished = {https://zhuanlan.zhihu.com/p/78998314},
  year         = {2019}
}

@misc{topPACS,
  author       = {Hamza Musa},
  title        = {Top 10 Free Open source PACS/ DICOM Server Projects},
  howpublished = {https://medevel.com/10-open-source-pacs-dicom/},
  year         = {2019}
}

@misc{EMBOSS,
  author       = {Rice,P. Longden,I. and Bleasby,A.},
  title        = {EMBOSS: The European Molecular Biology Open Software Suite},
  howpublished = {http://emboss.sourceforge.net/},
  year         = {2000}
}

@misc{Bioconductor,
  author       = {Bioconductor},
  title        = {Bioconductor},
  howpublished = {http://www.bioconductor.org/},
  year         = {2021}
}

 @misc{enwiki:1013660206,
  author = {{Wikipedia contributors}},
  title  = {Insight Segmentation and Registration Toolkit --- {Wikipedia}{,} The Free Encyclopedia},
  year   = {2021},
  url    = {https://en.wikipedia.org/w/index.php?title=Insight_Segmentation_and_Registration_Toolkit&oldid=1013660206},
  note   = {[Online; accessed 27-September-2021]}
}