@misc{enwiki:1041672725,
  author = {{Wikipedia contributors}},
  title  = {Orthanc (server) --- {Wikipedia}{,} The Free Encyclopedia},
  year   = {2021},
  url    = {https://en.wikipedia.org/w/index.php?title=Orthanc_(server)&oldid=1041672725},
  note   = {[Online; accessed 6-October-2021]}
}


@misc{DCMTKbaidu,
  author = {百度百科},
  title  = {百度百科 --- DCMTK},
  year   = {2021},
  url    = {https://baike.baidu.com/item/DCMTK/1031580?fr=aladdin}
}

@misc{OrthancBook,
  author = {Osimis},
  title  = {Orthanc Book},
  year   = {2021},
  url    = {https://book.orthanc-server.com/index.html}
}

@misc{DCMTK,
  author = {Doxygen},
  title  = {DCMTK Documentation},
  url    = {https://support.dcmtk.org/docs/},
  year   = {2021}
}

@misc{DICOM,
  author       = {NEMA},
  title        = {DICOM Standard: Current Edition},
  url          = {https://www.dicomstandard.org/current},
  year         = {2021}
}