@misc{ enwiki:1043831936,
    author = "{Wikipedia contributors}",
    title = "Open source --- {Wikipedia}{,} The Free Encyclopedia",
    year = "2021",
    howpublished = "\url{https://en.wikipedia.org/w/index.php?title=Open_source&oldid=1043831936}",
    note = "[Online; accessed 26-September-2021]"
}

@misc{ opensourceinit,
    author = "{Digital Ocean}", 
    title = "The open source definition —— Open Source Initiative",
    year = "2021",
    howpublished = "\url{https://opensource.org/osd}",
}